<?xml version="1.0" encoding="UTF-8" ?><marc:collection xmlns:marc="http://www.loc.gov/MARC21/slim" xmlns:xsi="http://www.w3.org/2001/XMLSchema-instance" xsi:schemaLocation="http://www.loc.gov/MARC21/slim http://www.loc.gov/standards/marcxml/schema/MARC21slim.xsd">
<marc:record><marc:leader>02492cam a2200433Ma 4500</marc:leader>
<marc:controlfield tag="001">b11968503</marc:controlfield>
<marc:controlfield tag="003">UaCaAUL</marc:controlfield><marc:controlfield tag="005">20151004104011.0</marc:controlfield><marc:controlfield tag="008">151004s1862    ua            000 0 ara d</marc:controlfield><marc:datafield tag="035" ind1=" " ind2=" "><marc:subfield code="a">(OCoLC)60505969</marc:subfield></marc:datafield><marc:datafield tag="040" ind1=" " ind2=" "><marc:subfield code="a">MEAUC</marc:subfield><marc:subfield code="b">eng</marc:subfield><marc:subfield code="c">MEAUC</marc:subfield><marc:subfield code="d">OCLCQ</marc:subfield><marc:subfield code="d">OCLCG</marc:subfield><marc:subfield code="d">OCLCA</marc:subfield><marc:subfield code="d">OCLCQ</marc:subfield><marc:subfield code="d">OCLCF</marc:subfield></marc:datafield><marc:datafield tag="049" ind1=" " ind2=" "><marc:subfield code="a">MAIN</marc:subfield></marc:datafield><marc:datafield tag="066" ind1=" " ind2=" "><marc:subfield code="c">(3</marc:subfield></marc:datafield><marc:datafield tag="090" ind1=" " ind2=" "><marc:subfield code="a">PJ7755.I18</marc:subfield><marc:subfield code="b">Z57 1862</marc:subfield></marc:datafield><marc:datafield tag="100" ind1="1" ind2=" "><marc:subfield code="6">880-01</marc:subfield><marc:subfield code="a">Nābulusī, ʻAbd al-Ghanī ibn Ismāʻīl,</marc:subfield><marc:subfield code="d">1641-1731.</marc:subfield></marc:datafield><marc:datafield tag="245" ind1="1" ind2="0"><marc:subfield code="6">880-02</marc:subfield><marc:subfield code="a">Hādhā kitāb Sharḥ dīwān sulṭān al-ʻāshiqīn sayyidī  ʻUmar Ibn al-Fāriḍ /</marc:subfield><marc:subfield code="c">li-ʻAbd al-Ghanī al-Nābulusī wa-li-Ḥasan al-Būrīnī ; [jamʻ wa-taqdīm Rashīd ibn Ghālib].</marc:subfield></marc:datafield><marc:datafield tag="260" ind1=" " ind2=" "><marc:subfield code="6">880-03</marc:subfield><marc:subfield code="a">Miṣr :</marc:subfield><marc:subfield code="b">al-Maṭbaʻah al-Kastilīyah,</marc:subfield><marc:subfield code="c">1279 [1862]</marc:subfield></marc:datafield><marc:datafield tag="300" ind1=" " ind2=" "><marc:subfield code="a">2 volumes in 1 ;</marc:subfield><marc:subfield code="c">26 cm.</marc:subfield></marc:datafield><marc:datafield tag="336" ind1=" " ind2=" "><marc:subfield code="a">text</marc:subfield><marc:subfield code="b">txt</marc:subfield><marc:subfield code="2">rdacontent.</marc:subfield></marc:datafield><marc:datafield tag="337" ind1=" " ind2=" "><marc:subfield code="a">unmediated</marc:subfield><marc:subfield code="b">n</marc:subfield><marc:subfield code="2">rdamedia.</marc:subfield></marc:datafield><marc:datafield tag="338" ind1=" " ind2=" "><marc:subfield code="a">volume</marc:subfield><marc:subfield code="b">nc</marc:subfield><marc:subfield code="2">rdacarrier.</marc:subfield></marc:datafield><marc:datafield tag="500" ind1=" " ind2=" "><marc:subfield code="6">880-04</marc:subfield><marc:subfield code="a">&quot;Qad mayyaznā kalām al-muṣannif fī hādhihi al-dībājah  bi-waḍʻ Ṣ wa-kalām al-shāriḥ bi-waḍʻ Sh tashīlan ʻalá al-qāriʼ.&quot;</marc:subfield></marc:datafield><marc:datafield tag="600" ind1="1" ind2="0"><marc:subfield code="6">880-05</marc:subfield><marc:subfield code="a">Ibn al-Fāriḍ, ʻUmar ibn ʻAlī,</marc:subfield><marc:subfield code="d">1181 or 1182-1235.</marc:subfield></marc:datafield><marc:datafield tag="600" ind1="1" ind2="7"><marc:subfield code="a">Ibn al-Fāriḍ, ʻUmar ibn ʻAlī,</marc:subfield><marc:subfield code="d">1181 or 1182-1235.</marc:subfield><marc:subfield code="2">fast</marc:subfield><marc:subfield code="0">(OCoLC)fst01825353.</marc:subfield></marc:datafield><marc:datafield tag="700" ind1="1" ind2=" "><marc:subfield code="6">880-06</marc:subfield><marc:subfield code="a">Būrīnī, Ḥasan ibn Muḥammad,</marc:subfield><marc:subfield code="d">1556-1615.</marc:subfield></marc:datafield><marc:datafield tag="700" ind1="1" ind2=" "><marc:subfield code="6">880-07</marc:subfield><marc:subfield code="a">Ibn Ghālib, Rashīd.</marc:subfield></marc:datafield><marc:datafield tag="740" ind1="0" ind2=" "><marc:subfield code="6">880-08</marc:subfield><marc:subfield code="a">Sharḥ dīwān ʻUmar Ibn al-Fāriḍ.</marc:subfield></marc:datafield><marc:datafield tag="880" ind1="1" ind2=" "><marc:subfield code="6">100-01/(3/r</marc:subfield><marc:subfield code="a">نابلسي، عبد الغني بن اسماعيل،،</marc:subfield><marc:subfield code="d">1731-1641.</marc:subfield></marc:datafield><marc:datafield tag="880" ind1=" " ind2=" "><marc:subfield code="6">260-03/(3/r</marc:subfield><marc:subfield code="a">مصر :</marc:subfield><marc:subfield code="b">المطبعة الكستلية،</marc:subfield><marc:subfield code="c">[1862] 1279.</marc:subfield></marc:datafield><marc:datafield tag="880" ind1="1" ind2="0"><marc:subfield code="6">245-02/(3/r</marc:subfield><marc:subfield code="a"> هذا كتاب شرح ديوان سلطان العاشقين سيدي  عمر ابن الفارض/</marc:subfield><marc:subfield code="c">لعبد الغني النابلسي ولحسن البوريني ؛ [جمع وتقديم رشيد بن غالب].</marc:subfield></marc:datafield><marc:datafield tag="880" ind1="1" ind2=" "><marc:subfield code="6">700-06/(3/r</marc:subfield><marc:subfield code="a">بوريني، حسن بن محمد،،</marc:subfield><marc:subfield code="d">1615-1556.</marc:subfield></marc:datafield><marc:datafield tag="880" ind1=" " ind2=" "><marc:subfield code="6">500-04/(3/r</marc:subfield><marc:subfield code="a">&quot;قد ميزنا كلام المصنف في هذه الديباجة  بوضع ص وكلام الشارح بوضع ش تسهيلا على القارئ.&quot;.</marc:subfield></marc:datafield><marc:datafield tag="880" ind1="1" ind2="4"><marc:subfield code="6">600-05/(3/r</marc:subfield><marc:subfield code="a">ابن الفارض، عمر بن علي،،</marc:subfield><marc:subfield code="d">1235-2 or 1181.</marc:subfield></marc:datafield><marc:datafield tag="880" ind1="1" ind2=" "><marc:subfield code="6">700-07/(3/r</marc:subfield><marc:subfield code="a">ابن غالب، رشيد..</marc:subfield></marc:datafield><marc:datafield tag="880" ind1="0" ind2=" "><marc:subfield code="6">740-08/(3/r</marc:subfield><marc:subfield code="a">شرح ديوان عمر بن الفارض..</marc:subfield></marc:datafield><marc:datafield tag="907" ind1=" " ind2=" "><marc:subfield code="a">.b11968503</marc:subfield><marc:subfield code="b">spcl </marc:subfield></marc:datafield><marc:datafield tag="902" ind1=" " ind2=" "><marc:subfield code="a">170307</marc:subfield></marc:datafield><marc:datafield tag="998" ind1=" " ind2=" "><marc:subfield code="b">1</marc:subfield><marc:subfield code="c">010606</marc:subfield><marc:subfield code="d">m</marc:subfield><marc:subfield code="e">a</marc:subfield><marc:subfield code="f">i</marc:subfield><marc:subfield code="g">0</marc:subfield><marc:subfield code="k">AH</marc:subfield><marc:subfield code="k">HE</marc:subfield></marc:datafield><marc:datafield tag="945" ind1=" " ind2=" "><marc:subfield code="l">scomp</marc:subfield><marc:subfield code="u">v.v.1-2</marc:subfield></marc:datafield></marc:record>
</marc:collection>
